@misc{大学編入実施主要67:online,
author = {},
title = {大学編入実施主要大学リンク集｜大学編入コース｜中央ゼミナール},
howpublished = {\url{http://www.chuo-seminar.ac.jp/transfer/link/}},
month = {},
year = {},
note = {(Accessed on 01/25/2020)}
}
@misc{gaiyou2016:online,
author = {},
title = {gaiyou2019.pdf},
howpublished = {\url{https://www.kosen-k.go.jp/Portals/0/resources/letter/kouhou/gaiyou2019.pdf#page=18}},
month = {},
year = {},
note = {(Accessed on 01/25/2020)}
}
